@book{4.1.2:1,
    author       = {童效勇 and 陈方},
    title        = {业余无线电通信},
    edition      = {第五版},
    address      = {北京},
    publisher    = {人民邮电出版社},
    year         = {2021},
    pages        = {310},
}